@article{berry1995automobile,
  title={Automobile prices in market equilibrium},
  author={Berry, Steven T and Levinsohn, James and Pakes, Ariel},
  journal={Econometrica},
  volume={63},
  number={4},
  pages={841--890},
  year={1995}
}
@article{berry1994estimating,
  title={Estimating discrete-choice models of product differentiation},
  author={Berry, Steven T},
  journal={RAND Journal of Economics},
  volume={25},
  number={2},
  pages={242--262},
  year={1994}
}
@article{berry2004limit,
  title={Limit theorems for estimating the parameters of differentiated product demand systems},
  author={Berry, Steven T and Linton, Oliver B and Pakes, Ariel},
  journal={The Review of Economic Studies},
  volume={71},
  number={3},
  pages={613--654},
  year={2004}
}
@article{conlon2020best,
  title={Best practices for differentiated products demand estimation with {PyBLP}},
  author={Conlon, Christopher and Gortmaker, Jeff},
  journal={RAND Journal of Economics},
  volume={51},
  number={4},
  pages={1108--1161},
  year={2020}
}
@article{petrin2002quantifying,
  title={Quantifying the benefits of new products: The case of the minivan},
  author={Petrin, Amil},
  journal={Journal of Political Economy},
  volume={110},
  number={4},
  pages={705--729},
  year={2002}
}
@article{berry2014identification,
  title={Identification in differentiated products markets using market level data},
  author={Berry, Steven T and Haile, Philip A},
  journal={Econometrica},
  volume={82},
  number={5},
  pages={1749--1797},
  year={2014}
}
@article{salanie2019fast,
  title={Fast, detail-free, and approximately correct: Estimating mixed demand systems},
  author={Salani{\'e}, Bernard and Wolak, Frank A},
  year={2022}
}
@article{gandhi2020measuring,
  title={Measuring Substitution Patterns in Differentiated-Products Industries},
  author={Gandhi, Amit and Houde, Jean-Fran{\c{c}}ois},
  year={2020}
}
@incollection{berry2021foundations,
  title={Foundations of demand estimation},
  author={Berry, Steven T and Haile, Philip A},
  booktitle={Handbook of Industrial Organization},
  volume={4},
  chapter={1},
  pages={1--62},
  year={2021},
  publisher={Elsevier}
}
@article{brenkers2006liberalizing,
  title={Liberalizing a distribution system: The {European} car market},
  author={Brenkers, Randy and Verboven, Frank},
  journal={Journal of the European Economic Association},
  volume={4},
  number={1},
  pages={216--251},
  year={2006}
}
@article{berry2004differentiated,
  title={Differentiated products demand systems from a combination of micro and macro data: The new car market},
  author={Berry, Steven T and Levinsohn, James and Pakes, Ariel},
  journal={Journal of Political Economy},
  volume={112},
  number={1},
  pages={68--105},
  year={2004}
}
@article{myojo2012asymptotic,
  title={On asymptotic properties of the parameters of differentiated product demand and supply systems when demographically categorized purchasing pattern data are available},
  author={Myojo, Satoshi and Kanazawa, Yuichiro},
  journal={International Economic Review},
  volume={53},
  number={3},
  pages={887--938},
  year={2012}
}
@article{berry2007pure,
  title={The pure characteristics demand model},
  author={Berry, Steven T and Pakes, Ariel},
  journal={International Economic Review},
  volume={48},
  number={4},
  pages={1193--1225},
  year={2007}
}
@article{freyberger2015asymptotic,
  title={Asymptotic theory for differentiated products demand models with many markets},
  author={Freyberger, Joachim},
  journal={Journal of Econometrics},
  volume={185},
  number={1},
  pages={162--181},
  year={2015}
}
@article{reynolds2008use,
  title={The use of customer surveys for market definition and the competitive assessment of horizontal mergers},
  author={Reynolds, Graeme and Walters, Chris},
  journal={Journal of Competition Law and Economics},
  volume={4},
  number={2},
  pages={411--431},
  year={2008}
}
@article{grieco2021evolution,
  title={The evolution of market power in the {US} auto industry},
  author={Grieco, Paul L E and Murry, Charles and Yurukoglu, Ali},
  year={2021}
}
@article{thomadsen2005effect,
  title={The effect of ownership structure on prices in geographically differentiated industries},
  author={Thomadsen, Raphael},
  journal={RAND Journal of Economics},
  pages={908--929},
  volume={36},
  number={4},
  year={2005}
}
@article{goeree2008limited,
  title={Limited information and advertising in the US personal computer industry},
  author={Goeree, Michelle Sovinsky},
  journal={Econometrica},
  volume={76},
  number={5},
  pages={1017--1074},
  year={2008}
}
@article{beresteanu2011gasoline,
  title={Gasoline prices, government support, and the demand for hybrid vehicles in the {United States}},
  author={Beresteanu, Arie and Li, Shanjun},
  journal={International Economic Review},
  volume={52},
  number={1},
  pages={161--182},
  year={2011}
}
@article{li2012traffic,
  title={Traffic safety and vehicle choice: quantifying the effects of the `arms race' on {American} roads},
  author={Li, Shanjun},
  journal={Journal of Applied Econometrics},
  volume={27},
  number={1},
  pages={34--62},
  year={2012}
}
@article{starc2014insurer,
  title={Insurer pricing and consumer welfare: Evidence from {Medigap}},
  author={Starc, Amanda},
  journal={RAND Journal of Economics},
  volume={45},
  number={1},
  pages={198--220},
  year={2014}
}
@article{copeland2014intertemporal,
  title={Intertemporal substitution and new car purchases},
  author={Copeland, Adam},
  journal={RAND Journal of Economics},
  volume={45},
  number={3},
  pages={624--644},
  year={2014}
}
@article{li2015price,
  title={The price evolution in {China's} automobile market},
  author={Li, Shanjun and Xiao, Junji and Liu, Yimin},
  journal={Journal of Economics \& Management Strategy},
  volume={24},
  number={4},
  pages={786--810},
  year={2015}
}
@article{nurski2016exclusive,
  title={Exclusive dealing as a barrier to entry? {Evidence} from automobiles},
  author={Nurski, Laura and Verboven, Frank},
  journal={The Review of Economic Studies},
  volume={83},
  number={3},
  pages={1156--1188},
  year={2016}
}
@article{wollmann2018trucks,
  title={Trucks without bailouts: Equilibrium product characteristics for commercial vehicles},
  author={Wollmann, Thomas G},
  journal={American Economic Review},
  volume={108},
  number={6},
  pages={1364--1406},
  year={2018}
}
@article{li2018better,
  title={Better lucky than rich? {Welfare} analysis of automobile licence allocations in {Beijing} and {Shanghai}},
  author={Li, Shanjun},
  journal={The Review of Economic Studies},
  volume={85},
  number={4},
  pages={2389--2428},
  year={2018}
}
@article{li2018empirical,
  title={An empirical study of national vs.\ local pricing by chain stores under competition},
  author={Li, Yang and Gordon, Brett R and Netzer, Oded},
  journal={Marketing Science},
  volume={37},
  number={5},
  pages={812--837},
  year={2018}
}
@article{ching2015quantifying,
  title={Quantifying the impacts of limited supply: The case of nursing homes},
  author={Ching, Andrew T and Hayashi, Fumiko and Wang, Hui},
  journal={International Economic Review},
  volume={56},
  number={4},
  pages={1291--1322},
  year={2015}
}
@article{grieco2023conformant,
  title={Conformant and efficient estimation of discrete choice demand models},
  author={Grieco, Paul L E and Murry, Charles and Pinkse, Joris and Sagl, Stephan},
  year={2023}
}
@article{chamberlain1987asymptotic,
  title={Asymptotic efficiency in estimation with conditional moment restrictions},
  author={Chamberlain, Gary},
  journal={Journal of Econometrics},
  volume={34},
  number={3},
  pages={305--334},
  year={1987}
}
@article{berry1999voluntary,
  title={Voluntary export restraints on automobiles: Evaluating a trade policy},
  author={Berry, Steven T and Levinsohn, James and Pakes, Ariel},
  journal={American Economic Review},
  volume={89},
  number={3},
  pages={400--430},
  year={1999}
}
@article{armstrong2016large,
  title={Large market asymptotics for differentiated product demand estimators with economic models of supply},
  author={Armstrong, Timothy B},
  journal={Econometrica},
  volume={84},
  number={5},
  pages={1961--1980},
  year={2016}
}
@article{morrow2011fixed,
  title={Fixed-point approaches to computing {Bertrand-Nash} equilibrium prices under mixed-logit demand},
  author={Morrow, W Ross and Skerlos, Steven J},
  journal={Operations Research},
  volume={59},
  number={2},
  pages={328--345},
  year={2011}
}
@article{varadhan2008simple,
  title={Simple and globally convergent methods for accelerating the convergence of any {EM} algorithm},
  author={Varadhan, Ravi and Roland, Christophe},
  journal={Scandinavian Journal of Statistics},
  volume={35},
  number={2},
  pages={335--353},
  year={2008}
}
@article{owen2017randomized,
  title={A randomized {Halton} algorithm in {R}},
  author={Owen, Art B},
  year={2017}
}
@article{backus2021common,
  title={Common ownership and competition in the ready-to-eat cereal industry},
  author={Backus, Matthew and Conlon, Christopher and Sinkinson, Michael},
  year={2021}
}
@article{barwick2017local,
  title={Local protectionism, market structure, and social welfare: {China's} automobile market},
  author={Barwick, Panle Jia and Cao, Shengmao and Li, Shanjun},
  year={2017}
}
@article{ciliberto2010public,
  title={Public policy and market competition: how the master settlement agreement changed the cigarette industry},
  author={Ciliberto, Federico and Kuminoff, Nicolai V},
  journal={The {B.E.} Journal of Economic Analysis \& Policy},
  volume={10},
  number={1},
  pages={Article 63},
  year={2010}
}
@article{armitage2022regulatory,
  title={Regulatory mandates and electric vehicle product variety},
  author={Armitage, Sarah and Pinter, Frank},
  year={2022}
}
@article{neilson2021targeted,
  title={Targeted vouchers, competition among schools, and the academic achievement of poor students},
  author={Neilson, Christopher},
  year={2021}
}
@article{nakamura2010accounting,
  title={Accounting for incomplete pass-through},
  author={Nakamura, Emi and Zerom, Dawit},
  journal={The Review of Economic Studies},
  volume={77},
  number={3},
  pages={1192--1230},
  year={2010}
}
@article{dopper2022rising,
  title={Rising markups and the role of consumer preferences},
  author={D{\"o}pper, Hendrik and MacKay, Alexander and Miller, Nathan and Stiebale, Joel},
  year={2022}
}
@article{murry2017advertising,
  title={Advertising in vertical relationships: An equilibrium model of the automobile industry},
  author={Murry, Charles},
  year={2017}
}
@article{reynaert2014improving,
  title={Improving the performance of random coefficients demand models: The role of optimal instruments},
  author={Reynaert, Mathias and Verboven, Frank},
  journal={Journal of Econometrics},
  volume={179},
  number={1},
  pages={83--98},
  year={2014}
}
@article{berry2022nonparametric,
  title={Nonparametric identification of differentiated products demand using micro data},
  author={Berry, Steven T and Haile, Philip A},
  year={2022}
}
@article{han2006gmm,
  title={{GMM} with many moment conditions},
  author={Han, Chirok and Phillips, Peter CB},
  journal={Econometrica},
  volume={74},
  number={1},
  pages={147--192},
  year={2006}
}
@article{newey2009generalized,
  title={Generalized method of moments with many weak moment conditions},
  author={Newey, Whitney K and Windmeijer, Frank},
  journal={Econometrica},
  volume={77},
  number={3},
  pages={687--719},
  year={2009}
}
@article{ackerberg2005unobserved,
  title={Unobserved product differentiation in discrete-choice models: Estimating price elasticities and welfare effects},
  author={Ackerberg, Daniel A and Rysman, Marc},
  journal={RAND Journal of Economics},
  volume={36},
  number={4},
  pages={771--789},
  year={2005}
}
@article{newey1994large,
  title={Large sample estimation and hypothesis testing},
  author={Newey, Whitney K and McFadden, Daniel},
  journal={Handbook of Econometrics},
  volume={4},
  pages={2111--2245},
  year={1994}
}
@article{ketz2019asymptotic,
  title={On asymptotic size distortions in the random coefficients logit model},
  author={Ketz, Philipp},
  journal={Journal of Econometrics},
  volume={212},
  number={2},
  pages={413--432},
  year={2019}
}
@book{billingsley2008probability,
  title={Probability and measure},
  author={Billingsley, Patrick},
  year={1995},
  edition={3},
  publisher={John Wiley \& Sons}
}
@incollection{mcfadden1978modeling,
    address={Amsterdam},
    author={Daniel McFadden},
    booktitle={Spatial Interaction Theory and Planning Models},
    editor={A. Karlqvist and L. Lundqvist and F. Snickars and J.W. Wiebull},
    pages={75--96},
    publisher={North Holland},
    title={Modeling the choice of residential location},
    year={1978}
}
@article{cardell1997variance,
  title={Variance components structures for the extreme-value and logistic distributions with application to models of heterogeneity},
  author={Cardell, N Scott},
  journal={Econometric Theory},
  volume={13},
  number={2},
  pages={185--213},
  year={1997}
}
@article{tiago1959extremal,
  title={Extremal distributions},
  author={Tiago de Oliveira, J},
  journal={Revista de Faculdada du Ciencia, Lisboa, Serie A},
  volume={7},
  pages={215-–227},
  year={1959}
}
@article{imbens1994combining,
  title={Combining micro and macro data in microeconometric models},
  author={Imbens, Guido W and Lancaster, Tony},
  journal={The Review of Economic Studies},
  volume={61},
  number={4},
  pages={655--680},
  year={1994}
}
@article{conlon2023market,
  title={Market power as second-worst regulation: Welfare consequences of post and hold pricing in distilled spirits},
  author={Conlon, Christopher and Rao, Nirupama},
  year={2023}
}
@article{goolsbee2004consumer,
  title={The consumer gains from direct broadcast satellites and the competition with cable {TV}},
  author={Goolsbee, Austan and Petrin, Amil},
  journal={Econometrica},
  volume={72},
  number={2},
  pages={351--381},
  year={2004}
}
@article{chintagunta2005estimating,
  title={Estimating a stockkeeping-unit-level brand choice model that combines household panel data and store data},
  author={Chintagunta, Pradeep K and Dub{\'e}, Jean-Pierre},
  journal={Journal of Marketing Research},
  volume={42},
  number={3},
  pages={368--379},
  year={2005}
}
@article{dube2012improving,
  title={Improving the numerical performance of static and dynamic aggregate discrete choice random coefficients demand estimation},
  author={Dub{\'e}, Jean-Pierre and Fox, Jeremy T and Su, Che-Lin},
  journal={Econometrica},
  volume={80},
  number={5},
  pages={2231--2267},
  year={2012}
}
@article{su2012constrained,
  title={Constrained optimization approaches to estimation of structural models},
  author={Su, Che-Lin and Judd, Kenneth L},
  journal={Econometrica},
  volume={80},
  number={5},
  pages={2213--2230},
  year={2012}
}
@article{conlon2013empirical,
  title={The empirical likelihood {MPEC} approach to demand estimation},
  author={Conlon, Christopher},
  year={2013}
}
@article{lee2015computationally,
  title={A computationally fast estimator for random coefficients logit demand models using aggregate data},
  author={Lee, Jinhyuk and Seo, Kyoungwon},
  journal={{RAND} Journal of Economics},
  volume={46},
  number={1},
  pages={86--102},
  year={2015}
}
@article{ridder2007econometrics,
  title={The econometrics of data combination},
  author={Ridder, Geert and Moffitt, Robert},
  journal={Handbook of Econometrics},
  volume={6},
  pages={5469--5547},
  year={2007}
}
@article{nevo2003using,
  title={Using weights to adjust for sample selection when auxiliary information is available},
  author={Nevo, Aviv},
  journal={Journal of Business \& Economic Statistics},
  volume={21},
  number={1},
  pages={43--52},
  year={2003}
}
@article{hendel2006measuring,
  title={Measuring the implications of sales and consumer inventory behavior},
  author={Hendel, Igal and Nevo, Aviv},
  journal={Econometrica},
  volume={74},
  number={6},
  pages={1637--1673},
  year={2006}
}
@article{allcott2019regressive,
  title={Regressive sin taxes, with an application to the optimal soda tax},
  author={Allcott, Hunt and Lockwood, Benjamin B and Taubinsky, Dmitry},
  journal={The Quarterly Journal of Economics},
  volume={134},
  number={3},
  pages={1557--1626},
  year={2019}
}
@article{seiler2021impact,
  title={The impact of soda taxes: Pass-through, tax avoidance, and nutritional effects},
  author={Seiler, Stephan and Tuchman, Anna and Yao, Song},
  journal={Journal of Marketing Research},
  volume={58},
  number={1},
  pages={22--49},
  year={2021}
}
@article{roberto2019association,
  title={Association of a beverage tax on sugar-sweetened and artificially sweetened beverages with changes in beverage prices and sales at chain retailers in a large urban setting},
  author={Roberto, Christina A and Lawman, Hannah G and LeVasseur, Michael T and Mitra, Nandita and Peterhans, Ana and Herring, Bradley and Bleich, Sara N},
  journal={JAMA},
  volume={321},
  number={18},
  pages={1799--1810},
  year={2019}
}
@article{cawley2019impact,
  title={The impact of the Philadelphia beverage tax on purchases and consumption by adults and children},
  author={Cawley, John and Frisvold, David and Hill, Anna and Jones, David},
  journal={Journal of Health Economics},
  volume={67},
  pages={102225},
  year={2019}
}
@article{powell2020impact,
  title={The impact of Seattle’s sweetened beverage tax on beverage prices and volume sold},
  author={Powell, Lisa M and Leider, Julien},
  journal={Economics \& Human Biology},
  volume={37},
  pages={100856},
  year={2020}
}
@article{dellavigna2019uniform,
  title={Uniform pricing in us retail chains},
  author={DellaVigna, Stefano and Gentzkow, Matthew},
  journal={The Quarterly Journal of Economics},
  volume={134},
  number={4},
  pages={2011--2084},
  year={2019}
}
@article{chen2022substitution,
  title={Substitution Patterns and Welfare Implications of Local Taxation: Empirical Analysis of a Soda Tax},
  author={Chen, Jiawei and Reinhardt, Colin and Syed Shah, Saad Andalib},
  year={2022}
}
@article{montag2023mergers,
  title={Mergers, foreign competition, and jobs: Evidence from the {US} appliance industry},
  author={Montag, Felix},
  year={2023}
}
@article{oddo2021impact,
  title={The impact of {Seattle's} sugar-sweetened beverage tax on substitution to sweets and salty snacks},
  author={Oddo, Vanessa M and Leider, Julien and Powell, Lisa M},
  journal={The Journal of Nutrition},
  volume={151},
  number={10},
  pages={3232--3239},
  year={2021}
}
@article{powell2022impact,
  title={Impact of the {Seattle} sweetened beverage tax on substitution to alcoholic beverages},
  author={Powell, Lisa M and Leider, Julien},
  journal={PLoS One},
  volume={17},
  number={1},
  pages={e0262578},
  year={2022}
}
@incollection{hausman1996valuation,
  title={Valuation of new goods under perfect and imperfect competition},
  author={Hausman, Jerry A},
  booktitle={The economics of new goods},
  pages={207--248},
  year={1996},
  publisher={University of Chicago Press}
}
@article{kleibergen2006generalized,
  title={Generalized reduced rank tests using the singular value decomposition},
  author={Kleibergen, Frank and Paap, Richard},
  journal={Journal of Econometrics},
  volume={133},
  number={1},
  pages={97--126},
  year={2006}
}
@article{powell2013assessing,
  title={Assessing the potential effectiveness of food and beverage taxes and subsidies for improving public health: A systematic review of prices, demand and body weight outcomes},
  author={Powell, Lisa M and Chriqui, Jamie F and Khan, Tamkeen and Wada, Roy and Chaloupka, Frank J},
  journal={Obesity reviews},
  volume={14},
  number={2},
  pages={110--128},
  year={2013}
}
@article{conlon2022pays,
  title={Who pays sin taxes? Understanding the overlapping burdens of corrective taxes},
  author={Conlon, Christopher and Rao, Nirupama and Wang, Yinan},
  journal={The Review of Economics and Statistics},
  pages={1--27},
  year={2022}
}
@article{barker2022impact,
  title={The impact of sugar-sweetened beverage taxes by household income: A multi-city comparison of {Nielsen} purchasing data},
  author={Barker, Abigail R and Mazzucca, Stephanie and An, Ruopeng},
  journal={Nutrients},
  volume={14},
  number={5},
  pages={922},
  year={2022}
}
@article{zhen2014predicting,
    author={Zhen, Chen and Finkelstein, Eric A. and Nonnemaker, James M. and Karns, Shawn A. and Todd, Jessica E.},
    title={Predicting the effects of sugar-sweetened beverage taxes on food and beverage demand in a large demand system},
    journal={American Journal of Agricultural Economics},
    volume={96},
    number={1},
    pages={1--25},
    year={2014}
}
@article{lewbel2009tricks,
    author={Lewbel, Arthur and Pendakur, Krishna},
    title={Tricks with {Hicks}: The {EASI} demand system},
    journal={American Economic Review},
    volume={99},
    number={3},
    year={2009},
    pages={827--63},
}
@article{deaton1980almost,
    author={Deaton, Angus and Muellbauer, John},
    journal={American Economic Review},
    number={3},
    pages={312--326},
    title={An almost ideal demand system},
    volume={70},
    year={1980}
}
@article{bodere2023dynamic,
  title={Dynamic spatial competition in early education: An equilibrium analysis of the preschool market in {Pennsylvania}},
  author={Bod{\'e}r{\'e}, Pierre},
  year={2023}
}
@incollection{allenby2019economic,
  title={Economic foundations of conjoint analysis},
  author={Allenby, Greg M and Hardt, Nino and Rossi, Peter E},
  booktitle={Handbook of the Economics of Marketing},
  volume={1},
  pages={151--192},
  year={2019},
  publisher={Elsevier}
}
@article{howell2016price,
  title={Price promotions in choice models},
  author={Howell, John R and Lee, Sanghak and Allenby, Greg M},
  journal={Marketing Science},
  volume={35},
  number={2},
  pages={319--334},
  year={2016}
}
@article{eyal2021data,
  title={Data quality of platforms and panels for online behavioral research},
  author={Eyal, Peer and David, Rothschild and Andrew, Gordon and Zak, Evernden and Ekaterina, Damer},
  journal={Behavior Research Methods},
  pages={1--20},
  volume=54,
  year={2021}
}
@article{peer2017beyond,
  title={Beyond the {Turk}: Alternative platforms for crowdsourcing behavioral research},
  author={Peer, Eyal and Brandimarte, Laura and Samat, Sonam and Acquisti, Alessandro},
  journal={Journal of Experimental Social Psychology},
  volume={70},
  pages={153--163},
  year={2017}
}
@article{wedel2000eye,
  title={Eye fixations on advertisements and memory for brands: A model and findings},
  author={Wedel, Michel and Pieters, Rik},
  journal={Marketing Science},
  volume={19},
  number={4},
  pages={297--312},
  year={2000}
}